<?xml version="1.0" encoding="UTF-8"?><record xmlns="http://www.loc.gov/MARC21/slim" xmlns:cinclude="http://apache.org/cocoon/include/1.0" xmlns:zs="http://www.loc.gov/zing/srw/">
  <leader>00965nz  a2200205n  4500</leader>
  <controlfield tag="001">n  97820773 </controlfield>
  <controlfield tag="003">DLC</controlfield>
  <controlfield tag="005">19970912120942.4</controlfield>
  <controlfield tag="008">970912n| acannaab|           a and     c</controlfield>
  <datafield tag="010" ind1=" " ind2=" ">
    <subfield code="a">n  97820773 </subfield>
  </datafield>
  <datafield tag="035" ind1=" " ind2=" ">
    <subfield code="a">(NN-PD)NN 300057470</subfield>
  </datafield>
  <datafield tag="040" ind1=" " ind2=" ">
    <subfield code="a">NN-PD</subfield>
    <subfield code="c">NN-PD</subfield>
  </datafield>
  <datafield tag="130" ind1=" " ind2="0">
    <subfield code="a">Calligraph for martyrs (Choreographic work : Louis)</subfield>
  </datafield>
  <datafield tag="430" ind1=" " ind2="0">
    <subfield code="a">Signal (Choreographic work : Louis)</subfield>
  </datafield>
  <datafield tag="430" ind1=" " ind2="0">
    <subfield code="a">Duet from Calligraph for martyrs (Choreographic work : Louis)</subfield>
  </datafield>
  <datafield tag="667" ind1=" " ind2=" ">
    <subfield code="a">Original title: Signal. Chor: Murray Louis; mus: Alwin Nikolais; scen: John Hultberg; cos: Frank Garcia.  First perf: New York, Henry St. Playhouse, Nov 24, 1961.</subfield>
  </datafield>
  <datafield tag="667" ind1=" " ind2=" ">
    <subfield code="a">Revived with title Calligraph for martyrs: Dec 7, 1962; scen: Nick Loper (pseud. of Alwin Nikolais).</subfield>
  </datafield>
  <datafield tag="667" ind1=" " ind2=" ">
    <subfield code="a">Data contributed by the Dance Heritage Coalition for the New York Public Library Dance Collection.</subfield>
  </datafield>
  <datafield tag="670" ind1=" " ind2=" ">
    <subfield code="a">*MGZA  Dance observer.  Jan 1963, p 8.</subfield>
  </datafield>
  <datafield tag="670" ind1=" " ind2=" ">
    <subfield code="a">NYPL Dict. Cat. of the Dance Coll., 1974-</subfield>
  </datafield>
</record>